%% This BibTeX bibliography file was created using BibDesk.
%% http://bibdesk.sourceforge.net/


%% Created for Juste Raimbault at 2017-02-23 15:57:16 +0100 


%% Saved with string encoding Occidental (ISO Latin 1) 



@article{wilensky1999netlogo,
	Author = {Wilensky, Uri},
	Title = {NetLogo},
	Year = {1999}}

@article{gottman1961megalopolis,
	Author = {Gottman, Jean},
	Journal = {Twentieth Century Fund},
	Title = {Megalopolis},
	Year = {1961}}

@article{florida2008rise,
	Author = {Florida, Richard and Gulden, Tim and Mellander, Charlotta},
	Journal = {Cambridge Journal of Regions, Economy and Society},
	Number = {3},
	Pages = {459--476},
	Publisher = {Oxford University Press},
	Title = {The rise of the mega-region},
	Volume = {1},
	Year = {2008}}

@article{cottineau2015incremental,
	Author = {Cottineau, Cl{\'e}mentine and Chapron, Paul and Reuillon, Romain},
	Title = {An incremental method for building and evaluating agent-based models of systems of cities},
	Year = {2015}}

@article{reuillon2013openmole,
	Author = {Reuillon, Romain and Leclaire, Mathieu and Rey-Coyrehourcq, Sebastien},
	Journal = {Future Generation Computer Systems},
	Number = {8},
	Pages = {1981--1990},
	Title = {OpenMOLE, a workflow engine specifically tailored for the distributed exploration of simulation models},
	Volume = {29},
	Year = {2013}}

@article{schmitt2014half,
	Author = {Schmitt, Clara and Rey-Coyrehourcq, S{\'e}bastien and Reuillon, Romain and Pumain, Denise},
	Title = {Half a billion simulations: Evolutionary algorithms and distributed computing for calibrating the SimpopLocal geographical model},
	Year = {2014}}

@article{raimbault2016calibration,
	Author = {J. Raimbault},
	Date-Added = {2016-11-28 08:48:06 +0000},
	Date-Modified = {2016-11-28 08:48:06 +0000},
	Journal = {Working Paper, draft at https://github.com/JusteRaimbault/CityNetwork/tree/master/Docs/Papers/Density},
	Title = {Calibration of a Spatialized Urban Growth Model},
	Year = {2016}}

@article{mabogunje1970systems,
	Author = {Mabogunje, Akin L},
	Date-Added = {2016-11-27 08:53:49 +0000},
	Date-Modified = {2016-11-27 08:53:49 +0000},
	Journal = {Geographical analysis},
	Number = {1},
	Pages = {1--18},
	Publisher = {Wiley Online Library},
	Title = {Systems approach to a theory of rural-urban migration},
	Volume = {2},
	Year = {1970},
	Bdsk-File-1 = {YnBsaXN0MDDUAQIDBAUGJCVYJHZlcnNpb25YJG9iamVjdHNZJGFyY2hpdmVyVCR0b3ASAAGGoKgHCBMUFRYaIVUkbnVsbNMJCgsMDxJXTlMua2V5c1pOUy5vYmplY3RzViRjbGFzc6INDoACgAOiEBGABIAFgAdccmVsYXRpdmVQYXRoWWFsaWFzRGF0YV8QFkRvY3MvbWFib2d1bmplMjAxMC5wZGbSFwsYGVdOUy5kYXRhTxEB8AAAAAAB8AACAAAMTWFjaW50b3NoIEhEAAAAAAAAAAAAAAAAAAAAykEGDEgrAAAEb4IwEW1hYm9ndW5qZTIwMTAucGRmAAAAAAAAAAAAAAAAAAAAAAAAAAAAAAAAAAAAAAAAAAAAAAAAAAAAAAAAAAAAAARwY8nUYFnWAAAAAAAAAAAAAQADAAAJIAAAAAAAAAAAAAAAAAAAAAREb2NzABAACAAAykDp7AAAABEACAAA1GBLxgAAAAEAHARvgjAEb4IsBG9z1wCQwikABQIVAAUCFAAAvuwAAgBoTWFjaW50b3NoIEhEOlVzZXJzOgBKdXN0ZToARG9jdW1lbnRzOgBDb21wbGV4U3lzdGVtczoATWlncmF0aW9uRHluYW1pY3M6AEJpYmxpbzoARG9jczoAbWFib2d1bmplMjAxMC5wZGYADgAkABEAbQBhAGIAbwBnAHUAbgBqAGUAMgAwADEAMAAuAHAAZABmAA8AGgAMAE0AYQBjAGkAbgB0AG8AcwBoACAASABEABIAVFVzZXJzL0p1c3RlL0RvY3VtZW50cy9Db21wbGV4U3lzdGVtcy9NaWdyYXRpb25EeW5hbWljcy9CaWJsaW8vRG9jcy9tYWJvZ3VuamUyMDEwLnBkZgATAAEvAAAVAAIADP//AACABtIbHB0eWiRjbGFzc25hbWVYJGNsYXNzZXNdTlNNdXRhYmxlRGF0YaMdHyBWTlNEYXRhWE5TT2JqZWN00hscIiNcTlNEaWN0aW9uYXJ5oiIgXxAPTlNLZXllZEFyY2hpdmVy0SYnVHJvb3SAAQAIABEAGgAjAC0AMgA3AEAARgBNAFUAYABnAGoAbABuAHEAcwB1AHcAhACOAKcArAC0AqgCqgKvAroCwwLRAtUC3ALlAuoC9wL6AwwDDwMUAAAAAAAAAgEAAAAAAAAAKAAAAAAAAAAAAAAAAAAAAxY=}}

@article{wu2006migrant,
	Author = {Wu, Weiping},
	Date-Added = {2016-11-26 16:32:48 +0000},
	Date-Modified = {2016-11-26 16:32:48 +0000},
	Journal = {Housing Studies},
	Number = {5},
	Pages = {745--765},
	Publisher = {Taylor \& Francis},
	Title = {Migrant intra-urban residential mobility in urban China},
	Volume = {21},
	Year = {2006},
	Bdsk-File-1 = {YnBsaXN0MDDUAQIDBAUGJCVYJHZlcnNpb25YJG9iamVjdHNZJGFyY2hpdmVyVCR0b3ASAAGGoKgHCBMUFRYaIVUkbnVsbNMJCgsMDxJXTlMua2V5c1pOUy5vYmplY3RzViRjbGFzc6INDoACgAOiEBGABIAFgAdccmVsYXRpdmVQYXRoWWFsaWFzRGF0YV8QJ0RvY3MvSG91c2luZ1N0dWRpZXMtTWlncmFudE1vYmlsaXR5LnBkZtIXCxgZV05TLmRhdGFPEQIyAAAAAAIyAAIAAAxNYWNpbnRvc2ggSEQAAAAAAAAAAAAAAAAAAADKQQYMSCsAAARvgjAfSG91c2luZ1N0dWRpZXMtTWlnciM0NzA0OENBLnBkZgAAAAAAAAAAAAAAAAAAAAAAAAAAAAAAAAAAAAAAAAAABHBIytRfd6cAAAAAAAAAAAABAAMAAAkgAAAAAAAAAAAAAAAAAAAABERvY3MAEAAIAADKQOnsAAAAEQAIAADUX2mXAAAAAQAcBG+CMARvgiwEb3PXAJDCKQAFAhUABQIUAAC+7AACAHZNYWNpbnRvc2ggSEQ6VXNlcnM6AEp1c3RlOgBEb2N1bWVudHM6AENvbXBsZXhTeXN0ZW1zOgBNaWdyYXRpb25EeW5hbWljczoAQmlibGlvOgBEb2NzOgBIb3VzaW5nU3R1ZGllcy1NaWdyIzQ3MDQ4Q0EucGRmAA4ARgAiAEgAbwB1AHMAaQBuAGcAUwB0AHUAZABpAGUAcwAtAE0AaQBnAHIAYQBuAHQATQBvAGIAaQBsAGkAdAB5AC4AcABkAGYADwAaAAwATQBhAGMAaQBuAHQAbwBzAGgAIABIAEQAEgBlVXNlcnMvSnVzdGUvRG9jdW1lbnRzL0NvbXBsZXhTeXN0ZW1zL01pZ3JhdGlvbkR5bmFtaWNzL0JpYmxpby9Eb2NzL0hvdXNpbmdTdHVkaWVzLU1pZ3JhbnRNb2JpbGl0eS5wZGYAABMAAS8AABUAAgAM//8AAIAG0hscHR5aJGNsYXNzbmFtZVgkY2xhc3Nlc11OU011dGFibGVEYXRhox0fIFZOU0RhdGFYTlNPYmplY3TSGxwiI1xOU0RpY3Rpb25hcnmiIiBfEA9OU0tleWVkQXJjaGl2ZXLRJidUcm9vdIABAAgAEQAaACMALQAyADcAQABGAE0AVQBgAGcAagBsAG4AcQBzAHUAdwCEAI4AuAC9AMUC+wL9AwIDDQMWAyQDKAMvAzgDPQNKA00DXwNiA2cAAAAAAAACAQAAAAAAAAAoAAAAAAAAAAAAAAAAAAADaQ==}}

@article{todaro1969model,
	Author = {Todaro, Michael P},
	Date-Added = {2016-11-26 16:30:19 +0000},
	Date-Modified = {2016-11-26 16:30:19 +0000},
	Journal = {The American economic review},
	Number = {1},
	Pages = {138--148},
	Publisher = {JSTOR},
	Title = {A model of labor migration and urban unemployment in less developed countries},
	Volume = {59},
	Year = {1969},
	Bdsk-File-1 = {YnBsaXN0MDDUAQIDBAUGJCVYJHZlcnNpb25YJG9iamVjdHNZJGFyY2hpdmVyVCR0b3ASAAGGoKgHCBMUFRYaIVUkbnVsbNMJCgsMDxJXTlMua2V5c1pOUy5vYmplY3RzViRjbGFzc6INDoACgAOiEBGABIAFgAdccmVsYXRpdmVQYXRoWWFsaWFzRGF0YV1Eb2NzL3AwMTQucGRm0hcLGBlXTlMuZGF0YU8RAc4AAAAAAc4AAgAADE1hY2ludG9zaCBIRAAAAAAAAAAAAAAAAAAAAMpBBgxIKwAABG+CMAhwMDE0LnBkZgAAAAAAAAAAAAAAAAAAAAAAAAAAAAAAAAAAAAAAAAAAAAAAAAAAAAAAAAAAAAAAAAAAAAAAAAAEcEiL1F929wAAAAAAAAAAAAEAAwAACSAAAAAAAAAAAAAAAAAAAAAERG9jcwAQAAgAAMpA6ewAAAARAAgAANRfaOcAAAABABwEb4IwBG+CLARvc9cAkMIpAAUCFQAFAhQAAL7sAAIAX01hY2ludG9zaCBIRDpVc2VyczoASnVzdGU6AERvY3VtZW50czoAQ29tcGxleFN5c3RlbXM6AE1pZ3JhdGlvbkR5bmFtaWNzOgBCaWJsaW86AERvY3M6AHAwMTQucGRmAAAOABIACABwADAAMQA0AC4AcABkAGYADwAaAAwATQBhAGMAaQBuAHQAbwBzAGgAIABIAEQAEgBLVXNlcnMvSnVzdGUvRG9jdW1lbnRzL0NvbXBsZXhTeXN0ZW1zL01pZ3JhdGlvbkR5bmFtaWNzL0JpYmxpby9Eb2NzL3AwMTQucGRmAAATAAEvAAAVAAIADP//AACABtIbHB0eWiRjbGFzc25hbWVYJGNsYXNzZXNdTlNNdXRhYmxlRGF0YaMdHyBWTlNEYXRhWE5TT2JqZWN00hscIiNcTlNEaWN0aW9uYXJ5oiIgXxAPTlNLZXllZEFyY2hpdmVy0SYnVHJvb3SAAQAIABEAGgAjAC0AMgA3AEAARgBNAFUAYABnAGoAbABuAHEAcwB1AHcAhACOAJwAoQCpAnsCfQKCAo0ClgKkAqgCrwK4Ar0CygLNAt8C4gLnAAAAAAAAAgEAAAAAAAAAKAAAAAAAAAAAAAAAAAAAAuk=}}

@article{fernandez2005characterizing,
	Author = {Fernandez, Luis E and Brown, Daniel G and Marans, Robert W and Nassauer, Joan I},
	Date-Added = {2016-11-26 16:25:46 +0000},
	Date-Modified = {2016-11-26 16:25:46 +0000},
	Journal = {Environment and Planning B: Planning and Design},
	Number = {6},
	Pages = {799--820},
	Publisher = {SAGE Publications},
	Title = {Characterizing location preferences in an exurban population: implications for agent-based modeling},
	Volume = {32},
	Year = {2005},
	Bdsk-File-1 = {YnBsaXN0MDDUAQIDBAUGJCVYJHZlcnNpb25YJG9iamVjdHNZJGFyY2hpdmVyVCR0b3ASAAGGoKgHCBMUFRYaIVUkbnVsbNMJCgsMDxJXTlMua2V5c1pOUy5vYmplY3RzViRjbGFzc6INDoACgAOiEBGABIAFgAdccmVsYXRpdmVQYXRoWWFsaWFzRGF0YV8QFkRvY3MvZmVybmFuZGV6MjAwNS5wZGbSFwsYGVdOUy5kYXRhTxEB8AAAAAAB8AACAAAMTWFjaW50b3NoIEhEAAAAAAAAAAAAAAAAAAAAykEGDEgrAAAEb4IwEWZlcm5hbmRlejIwMDUucGRmAAAAAAAAAAAAAAAAAAAAAAAAAAAAAAAAAAAAAAAAAAAAAAAAAAAAAAAAAAAAAARwSCHUX3W/AAAAAAAAAAAAAQADAAAJIAAAAAAAAAAAAAAAAAAAAAREb2NzABAACAAAykDp7AAAABEACAAA1F9nrwAAAAEAHARvgjAEb4IsBG9z1wCQwikABQIVAAUCFAAAvuwAAgBoTWFjaW50b3NoIEhEOlVzZXJzOgBKdXN0ZToARG9jdW1lbnRzOgBDb21wbGV4U3lzdGVtczoATWlncmF0aW9uRHluYW1pY3M6AEJpYmxpbzoARG9jczoAZmVybmFuZGV6MjAwNS5wZGYADgAkABEAZgBlAHIAbgBhAG4AZABlAHoAMgAwADAANQAuAHAAZABmAA8AGgAMAE0AYQBjAGkAbgB0AG8AcwBoACAASABEABIAVFVzZXJzL0p1c3RlL0RvY3VtZW50cy9Db21wbGV4U3lzdGVtcy9NaWdyYXRpb25EeW5hbWljcy9CaWJsaW8vRG9jcy9mZXJuYW5kZXoyMDA1LnBkZgATAAEvAAAVAAIADP//AACABtIbHB0eWiRjbGFzc25hbWVYJGNsYXNzZXNdTlNNdXRhYmxlRGF0YaMdHyBWTlNEYXRhWE5TT2JqZWN00hscIiNcTlNEaWN0aW9uYXJ5oiIgXxAPTlNLZXllZEFyY2hpdmVy0SYnVHJvb3SAAQAIABEAGgAjAC0AMgA3AEAARgBNAFUAYABnAGoAbABuAHEAcwB1AHcAhACOAKcArAC0AqgCqgKvAroCwwLRAtUC3ALlAuoC9wL6AwwDDwMUAAAAAAAAAgEAAAAAAAAAKAAAAAAAAAAAAAAAAAAAAxY=}}

@article{silveira2006agent,
	Author = {Silveira, Jaylson J and Esp{\'\i}ndola, Aquino L and Penna, TJP},
	Date-Added = {2016-11-26 16:24:43 +0000},
	Date-Modified = {2016-11-26 16:24:43 +0000},
	Journal = {Physica A: Statistical Mechanics and its Applications},
	Pages = {445--456},
	Publisher = {Elsevier},
	Title = {Agent-based model to rural--urban migration analysis},
	Volume = {364},
	Year = {2006},
	Bdsk-File-1 = {YnBsaXN0MDDUAQIDBAUGJCVYJHZlcnNpb25YJG9iamVjdHNZJGFyY2hpdmVyVCR0b3ASAAGGoKgHCBMUFRYaIVUkbnVsbNMJCgsMDxJXTlMua2V5c1pOUy5vYmplY3RzViRjbGFzc6INDoACgAOiEBGABIAFgAdccmVsYXRpdmVQYXRoWWFsaWFzRGF0YV8QFURvY3Mvc2lsdmVpcmEyMDA2LnBkZtIXCxgZV05TLmRhdGFPEQHuAAAAAAHuAAIAAAxNYWNpbnRvc2ggSEQAAAAAAAAAAAAAAAAAAADKQQYMSCsAAARvgjAQc2lsdmVpcmEyMDA2LnBkZgAAAAAAAAAAAAAAAAAAAAAAAAAAAAAAAAAAAAAAAAAAAAAAAAAAAAAAAAAAAAAABHBH+dRfdUUAAAAAAAAAAAABAAMAAAkgAAAAAAAAAAAAAAAAAAAABERvY3MAEAAIAADKQOnsAAAAEQAIAADUX2c1AAAAAQAcBG+CMARvgiwEb3PXAJDCKQAFAhUABQIUAAC+7AACAGdNYWNpbnRvc2ggSEQ6VXNlcnM6AEp1c3RlOgBEb2N1bWVudHM6AENvbXBsZXhTeXN0ZW1zOgBNaWdyYXRpb25EeW5hbWljczoAQmlibGlvOgBEb2NzOgBzaWx2ZWlyYTIwMDYucGRmAAAOACIAEABzAGkAbAB2AGUAaQByAGEAMgAwADAANgAuAHAAZABmAA8AGgAMAE0AYQBjAGkAbgB0AG8AcwBoACAASABEABIAU1VzZXJzL0p1c3RlL0RvY3VtZW50cy9Db21wbGV4U3lzdGVtcy9NaWdyYXRpb25EeW5hbWljcy9CaWJsaW8vRG9jcy9zaWx2ZWlyYTIwMDYucGRmAAATAAEvAAAVAAIADP//AACABtIbHB0eWiRjbGFzc25hbWVYJGNsYXNzZXNdTlNNdXRhYmxlRGF0YaMdHyBWTlNEYXRhWE5TT2JqZWN00hscIiNcTlNEaWN0aW9uYXJ5oiIgXxAPTlNLZXllZEFyY2hpdmVy0SYnVHJvb3SAAQAIABEAGgAjAC0AMgA3AEAARgBNAFUAYABnAGoAbABuAHEAcwB1AHcAhACOAKYAqwCzAqUCpwKsArcCwALOAtIC2QLiAucC9AL3AwkDDAMRAAAAAAAAAgEAAAAAAAAAKAAAAAAAAAAAAAAAAAAAAxM=}}

@article{xie2007simulating,
	Author = {Xie, Yichun and Batty, Michael and Zhao, Kang},
	Date-Added = {2016-11-26 16:23:44 +0000},
	Date-Modified = {2016-11-26 16:23:44 +0000},
	Journal = {Annals of the Association of American Geographers},
	Number = {3},
	Pages = {477--495},
	Publisher = {Taylor \& Francis},
	Title = {Simulating emergent urban form using agent-based modeling: Desakota in the Suzhou-Wuxian region in China},
	Volume = {97},
	Year = {2007},
	Bdsk-File-1 = {YnBsaXN0MDDUAQIDBAUGJCVYJHZlcnNpb25YJG9iamVjdHNZJGFyY2hpdmVyVCR0b3ASAAGGoKgHCBMUFRYaIVUkbnVsbNMJCgsMDxJXTlMua2V5c1pOUy5vYmplY3RzViRjbGFzc6INDoACgAOiEBGABIAFgAdccmVsYXRpdmVQYXRoWWFsaWFzRGF0YV8QEERvY3MveGllMjAwNy5wZGbSFwsYGVdOUy5kYXRhTxEB2AAAAAAB2AACAAAMTWFjaW50b3NoIEhEAAAAAAAAAAAAAAAAAAAAykEGDEgrAAAEb4IwC3hpZTIwMDcucGRmAAAAAAAAAAAAAAAAAAAAAAAAAAAAAAAAAAAAAAAAAAAAAAAAAAAAAAAAAAAAAAAAAAAAAARwR8vUX3THAAAAAAAAAAAAAQADAAAJIAAAAAAAAAAAAAAAAAAAAAREb2NzABAACAAAykDp7AAAABEACAAA1F9mtwAAAAEAHARvgjAEb4IsBG9z1wCQwikABQIVAAUCFAAAvuwAAgBiTWFjaW50b3NoIEhEOlVzZXJzOgBKdXN0ZToARG9jdW1lbnRzOgBDb21wbGV4U3lzdGVtczoATWlncmF0aW9uRHluYW1pY3M6AEJpYmxpbzoARG9jczoAeGllMjAwNy5wZGYADgAYAAsAeABpAGUAMgAwADAANwAuAHAAZABmAA8AGgAMAE0AYQBjAGkAbgB0AG8AcwBoACAASABEABIATlVzZXJzL0p1c3RlL0RvY3VtZW50cy9Db21wbGV4U3lzdGVtcy9NaWdyYXRpb25EeW5hbWljcy9CaWJsaW8vRG9jcy94aWUyMDA3LnBkZgATAAEvAAAVAAIADP//AACABtIbHB0eWiRjbGFzc25hbWVYJGNsYXNzZXNdTlNNdXRhYmxlRGF0YaMdHyBWTlNEYXRhWE5TT2JqZWN00hscIiNcTlNEaWN0aW9uYXJ5oiIgXxAPTlNLZXllZEFyY2hpdmVy0SYnVHJvb3SAAQAIABEAGgAjAC0AMgA3AEAARgBNAFUAYABnAGoAbABuAHEAcwB1AHcAhACOAKEApgCuAooCjAKRApwCpQKzArcCvgLHAswC2QLcAu4C8QL2AAAAAAAAAgEAAAAAAAAAKAAAAAAAAAAAAAAAAAAAAvg=}}

@book{hall2006polycentric,
	Author = {Hall, Peter Geoffrey and Pain, Kathy},
	Date-Added = {2016-11-21 13:52:31 +0000},
	Date-Modified = {2016-11-21 13:52:31 +0000},
	Publisher = {Routledge},
	Title = {The polycentric metropolis: learning from mega-city regions in Europe},
	Year = {2006},
	Bdsk-File-1 = {YnBsaXN0MDDUAQIDBAUGJCVYJHZlcnNpb25YJG9iamVjdHNZJGFyY2hpdmVyVCR0b3ASAAGGoKgHCBMUFRYaIVUkbnVsbNMJCgsMDxJXTlMua2V5c1pOUy5vYmplY3RzViRjbGFzc6INDoACgAOiEBGABIAFgAdccmVsYXRpdmVQYXRoWWFsaWFzRGF0YV8QrC4uLy4uL0NpdHlOZXR3b3JrL0JpYmxpby9Eb2NzL1BsYW5uaW5nL1BldGVyIEhhbGwsIEthdGhyeW4gUGFpbi1UaGUgUG9seWNlbnRyaWMgTWV0cm9wb2xpc18gTGVhcm5pbmcgZnJvbSBNZWdhLWNpdHkgUmVnaW9ucyBpbiBFdXJvcGUtRWFydGhzY2FuIFB1YmxpY2F0aW9ucyBMdGQuICgyMDA2KS5wZGbSFwsYGVdOUy5kYXRhTxEDagAAAAADagACAAAMTWFjaW50b3NoIEhEAAAAAAAAAAAAAAAAAAAAykEGDEgrAAAEXXCwH1BldGVyIEhhbGwsIEthdGhyeW4jNDVENzA5Mi5wZGYAAAAAAAAAAAAAAAAAAAAAAAAAAAAAAAAAAAAAAAAAAARdcJLT4ilpAAAAAAAAAAAAAgAFAAAJIAAAAAAAAAAAAAAAAAAAAAhQbGFubmluZwAQAAgAAMpA6ewAAAARAAgAANPiDUkAAAABACAEXXCwAjF32QIh+RkCIfkQAJDCKQAFAhUABQIUAAC+7AACAHpNYWNpbnRvc2ggSEQ6VXNlcnM6AEp1c3RlOgBEb2N1bWVudHM6AENvbXBsZXhTeXN0ZW1zOgBDaXR5TmV0d29yazoAQmlibGlvOgBEb2NzOgBQbGFubmluZzoAUGV0ZXIgSGFsbCwgS2F0aHJ5biM0NUQ3MDkyLnBkZgAOAQwAhQBQAGUAdABlAHIAIABIAGEAbABsACwAIABLAGEAdABoAHIAeQBuACAAUABhAGkAbgAtAFQAaABlACAAUABvAGwAeQBjAGUAbgB0AHIAaQBjACAATQBlAHQAcgBvAHAAbwBsAGkAcwBfACAATABlAGEAcgBuAGkAbgBnACAAZgByAG8AbQAgAE0AZQBnAGEALQBjAGkAdAB5ACAAUgBlAGcAaQBvAG4AcwAgAGkAbgAgAEUAdQByAG8AcABlAC0ARQBhAHIAdABoAHMAYwBhAG4AIABQAHUAYgBsAGkAYwBhAHQAaQBvAG4AcwAgAEwAdABkAC4AIAAoADIAMAAwADYAKQAuAHAAZABmAA8AGgAMAE0AYQBjAGkAbgB0AG8AcwBoACAASABEABIAy1VzZXJzL0p1c3RlL0RvY3VtZW50cy9Db21wbGV4U3lzdGVtcy9DaXR5TmV0d29yay9CaWJsaW8vRG9jcy9QbGFubmluZy9QZXRlciBIYWxsLCBLYXRocnluIFBhaW4tVGhlIFBvbHljZW50cmljIE1ldHJvcG9saXNfIExlYXJuaW5nIGZyb20gTWVnYS1jaXR5IFJlZ2lvbnMgaW4gRXVyb3BlLUVhcnRoc2NhbiBQdWJsaWNhdGlvbnMgTHRkLiAoMjAwNikucGRmAAATAAEvAAAVAAIADP//AACABtIbHB0eWiRjbGFzc25hbWVYJGNsYXNzZXNdTlNNdXRhYmxlRGF0YaMdHyBWTlNEYXRhWE5TT2JqZWN00hscIiNcTlNEaWN0aW9uYXJ5oiIgXxAPTlNLZXllZEFyY2hpdmVy0SYnVHJvb3SAAQAIABEAGgAjAC0AMgA3AEAARgBNAFUAYABnAGoAbABuAHEAcwB1AHcAhACOAT0BQgFKBLgEugS/BMoE0wThBOUE7AT1BPoFBwUKBRwFHwUkAAAAAAAAAgEAAAAAAAAAKAAAAAAAAAAAAAAAAAAABSY=}}

@conference{cottineau2016back,
	Author = {Cottineau, Clementine and Rey-Coyrehourcq, Sebastien and Reuillon, Romain},
	Booktitle = {RGS 2016, Session Geocomputation : the next 20 years},
	Date-Added = {2016-11-21 13:47:53 +0000},
	Date-Modified = {2016-11-21 13:48:42 +0000},
	Title = {Back to the Future... of multimodelling},
	Year = {2016}}

@article{grimm2005pattern,
	Author = {Grimm, Volker and Revilla, Eloy and Berger, Uta and Jeltsch, Florian and Mooij, Wolf M and Railsback, Steven F and Thulke, Hans-Hermann and Weiner, Jacob and Wiegand, Thorsten and DeAngelis, Donald L},
	Date-Added = {2016-11-21 13:43:25 +0000},
	Date-Modified = {2016-11-21 13:43:25 +0000},
	Journal = {science},
	Number = {5750},
	Pages = {987--991},
	Publisher = {American Association for the Advancement of Science},
	Title = {Pattern-oriented modeling of agent-based complex systems: lessons from ecology},
	Volume = {310},
	Year = {2005},
	Bdsk-File-1 = {YnBsaXN0MDDUAQIDBAUGJCVYJHZlcnNpb25YJG9iamVjdHNZJGFyY2hpdmVyVCR0b3ASAAGGoKgHCBMUFRYaIVUkbnVsbNMJCgsMDxJXTlMua2V5c1pOUy5vYmplY3RzViRjbGFzc6INDoACgAOiEBGABIAFgAdccmVsYXRpdmVQYXRoWWFsaWFzRGF0YV8QMy4uLy4uL0NpdHlOZXR3b3JrL0JpYmxpby9Eb2NzL0Vjb2xvZ3kvZ3JpbW0yMDA1LnBkZtIXCxgZV05TLmRhdGFPEQHuAAAAAAHuAAIAAAxNYWNpbnRvc2ggSEQAAAAAAAAAAAAAAAAAAADKQQYMSCsAAAQgcPMNZ3JpbW0yMDA1LnBkZgAAAAAAAAAAAAAAAAAAAAAAAAAAAAAAAAAAAAAAAAAAAAAAAAAAAAAAAAAAAAAAAAAABCBw8NL8n4sAAAAAAAAAAAACAAUAAAkgAAAAAAAAAAAAAAAAAAAAB0Vjb2xvZ3kAABAACAAAykDp7AAAABEACAAA0vyRewAAAAEAIAQgcPMCMXfZAiH5GQIh+RAAkMIpAAUCFQAFAhQAAL7sAAIAZ01hY2ludG9zaCBIRDpVc2VyczoASnVzdGU6AERvY3VtZW50czoAQ29tcGxleFN5c3RlbXM6AENpdHlOZXR3b3JrOgBCaWJsaW86AERvY3M6AEVjb2xvZ3k6AGdyaW1tMjAwNS5wZGYAAA4AHAANAGcAcgBpAG0AbQAyADAAMAA1AC4AcABkAGYADwAaAAwATQBhAGMAaQBuAHQAbwBzAGgAIABIAEQAEgBSVXNlcnMvSnVzdGUvRG9jdW1lbnRzL0NvbXBsZXhTeXN0ZW1zL0NpdHlOZXR3b3JrL0JpYmxpby9Eb2NzL0Vjb2xvZ3kvZ3JpbW0yMDA1LnBkZgATAAEvAAAVAAIADP//AACABtIbHB0eWiRjbGFzc25hbWVYJGNsYXNzZXNdTlNNdXRhYmxlRGF0YaMdHyBWTlNEYXRhWE5TT2JqZWN00hscIiNcTlNEaWN0aW9uYXJ5oiIgXxAPTlNLZXllZEFyY2hpdmVy0SYnVHJvb3SAAQAIABEAGgAjAC0AMgA3AEAARgBNAFUAYABnAGoAbABuAHEAcwB1AHcAhACOAMQAyQDRAsMCxQLKAtUC3gLsAvAC9wMAAwUDEgMVAycDKgMvAAAAAAAAAgEAAAAAAAAAKAAAAAAAAAAAAAAAAAAAAzE=}}

@article{de2007netlogo,
	Author = {De Leon, FD and Felsen, M and Wilensky, U},
	Date-Added = {2016-11-21 13:37:44 +0000},
	Date-Modified = {2016-11-21 13:37:44 +0000},
	Journal = {Center for Connected Learning and Computer-Based Modeling, Northwestern University, Evanston, IL},
	Title = {NetLogo Urban Suite-Tijuana Bordertowns model},
	Url = {http://ccl.northwestern.edu/netlogo/models/UrbanSuite-TijuanaBordertowns},
	Year = {2007},
	Bdsk-Url-1 = {http://ccl.northwestern.edu/netlogo/models/UrbanSuite-TijuanaBordertowns}}

@article{losavio2016analyser,
	Author = {Losavio, Cinzia},
	Journal = {{Institut d'{\'e}tudes Politiques de Paris. Ecole Doctorale de Science Po.}},
	Title = {Comment analyser l'int{\'e}gration des ouvriers-migrants dans la Chine d'aujourd'hui. Le cas de Wuhan.},
	Year = {2016}}

@article{chan2012migration,
	Author = {Chan, Kam Wing},
	Date-Added = {2016-11-21 11:08:07 +0000},
	Date-Modified = {2016-11-21 11:08:07 +0000},
	Journal = {Migration and Development},
	Number = {2},
	Pages = {187--205},
	Publisher = {Taylor \& Francis},
	Title = {Migration and development in China: Trends, geography and current issues},
	Volume = {1},
	Year = {2012},
	Bdsk-File-1 = {YnBsaXN0MDDUAQIDBAUGJCVYJHZlcnNpb25YJG9iamVjdHNZJGFyY2hpdmVyVCR0b3ASAAGGoKgHCBMUFRYaIVUkbnVsbNMJCgsMDxJXTlMua2V5c1pOUy5vYmplY3RzViRjbGFzc6INDoACgAOiEBGABIAFgAdccmVsYXRpdmVQYXRoWWFsaWFzRGF0YV8QEURvY3MvY2hhbjIwMTIucGRm0hcLGBlXTlMuZGF0YU8RAd4AAAAAAd4AAgAADE1hY2ludG9zaCBIRAAAAAAAAAAAAAAAAAAAAMpBBgxIKwAABG+CMAxjaGFuMjAxMi5wZGYAAAAAAAAAAAAAAAAAAAAAAAAAAAAAAAAAAAAAAAAAAAAAAAAAAAAAAAAAAAAAAAAAAAAEb4Zc1FiUoQAAAAAAAAAAAAEAAwAACSAAAAAAAAAAAAAAAAAAAAAERG9jcwAQAAgAAMpA6ewAAAARAAgAANRYhpEAAAABABwEb4IwBG+CLARvc9cAkMIpAAUCFQAFAhQAAL7sAAIAY01hY2ludG9zaCBIRDpVc2VyczoASnVzdGU6AERvY3VtZW50czoAQ29tcGxleFN5c3RlbXM6AE1pZ3JhdGlvbkR5bmFtaWNzOgBCaWJsaW86AERvY3M6AGNoYW4yMDEyLnBkZgAADgAaAAwAYwBoAGEAbgAyADAAMQAyAC4AcABkAGYADwAaAAwATQBhAGMAaQBuAHQAbwBzAGgAIABIAEQAEgBPVXNlcnMvSnVzdGUvRG9jdW1lbnRzL0NvbXBsZXhTeXN0ZW1zL01pZ3JhdGlvbkR5bmFtaWNzL0JpYmxpby9Eb2NzL2NoYW4yMDEyLnBkZgAAEwABLwAAFQACAAz//wAAgAbSGxwdHlokY2xhc3NuYW1lWCRjbGFzc2VzXU5TTXV0YWJsZURhdGGjHR8gVk5TRGF0YVhOU09iamVjdNIbHCIjXE5TRGljdGlvbmFyeaIiIF8QD05TS2V5ZWRBcmNoaXZlctEmJ1Ryb290gAEACAARABoAIwAtADIANwBAAEYATQBVAGAAZwBqAGwAbgBxAHMAdQB3AIQAjgCiAKcArwKRApMCmAKjAqwCugK+AsUCzgLTAuAC4wL1AvgC/QAAAAAAAAIBAAAAAAAAACgAAAAAAAAAAAAAAAAAAAL/}}

@article{zhang2003rural,
	Author = {Zhang, Kevin Honglin and Shunfeng, Song},
	Date-Added = {2016-11-21 11:06:30 +0000},
	Date-Modified = {2016-11-21 11:06:30 +0000},
	Journal = {China Economic Review},
	Number = {4},
	Pages = {386--400},
	Publisher = {Elsevier},
	Title = {Rural--urban migration and urbanization in China: Evidence from time-series and cross-section analyses},
	Volume = {14},
	Year = {2003},
	Bdsk-File-1 = {YnBsaXN0MDDUAQIDBAUGJCVYJHZlcnNpb25YJG9iamVjdHNZJGFyY2hpdmVyVCR0b3ASAAGGoKgHCBMUFRYaIVUkbnVsbNMJCgsMDxJXTlMua2V5c1pOUy5vYmplY3RzViRjbGFzc6INDoACgAOiEBGABIAFgAdccmVsYXRpdmVQYXRoWWFsaWFzRGF0YV8QEkRvY3MvemhhbmcyMDAzLnBkZtIXCxgZV05TLmRhdGFPEQHgAAAAAAHgAAIAAAxNYWNpbnRvc2ggSEQAAAAAAAAAAAAAAAAAAADKQQYMSCsAAARvgjANemhhbmcyMDAzLnBkZgAAAAAAAAAAAAAAAAAAAAAAAAAAAAAAAAAAAAAAAAAAAAAAAAAAAAAAAAAAAAAAAAAABG+FjdRYkbwAAAAAAAAAAAABAAMAAAkgAAAAAAAAAAAAAAAAAAAABERvY3MAEAAIAADKQOnsAAAAEQAIAADUWIOsAAAAAQAcBG+CMARvgiwEb3PXAJDCKQAFAhUABQIUAAC+7AACAGRNYWNpbnRvc2ggSEQ6VXNlcnM6AEp1c3RlOgBEb2N1bWVudHM6AENvbXBsZXhTeXN0ZW1zOgBNaWdyYXRpb25EeW5hbWljczoAQmlibGlvOgBEb2NzOgB6aGFuZzIwMDMucGRmAA4AHAANAHoAaABhAG4AZwAyADAAMAAzAC4AcABkAGYADwAaAAwATQBhAGMAaQBuAHQAbwBzAGgAIABIAEQAEgBQVXNlcnMvSnVzdGUvRG9jdW1lbnRzL0NvbXBsZXhTeXN0ZW1zL01pZ3JhdGlvbkR5bmFtaWNzL0JpYmxpby9Eb2NzL3poYW5nMjAwMy5wZGYAEwABLwAAFQACAAz//wAAgAbSGxwdHlokY2xhc3NuYW1lWCRjbGFzc2VzXU5TTXV0YWJsZURhdGGjHR8gVk5TRGF0YVhOU09iamVjdNIbHCIjXE5TRGljdGlvbmFyeaIiIF8QD05TS2V5ZWRBcmNoaXZlctEmJ1Ryb290gAEACAARABoAIwAtADIANwBAAEYATQBVAGAAZwBqAGwAbgBxAHMAdQB3AIQAjgCjAKgAsAKUApYCmwKmAq8CvQLBAsgC0QLWAuMC5gL4AvsDAAAAAAAAAAIBAAAAAAAAACgAAAAAAAAAAAAAAAAAAAMC}}

@article{zhang2013measuring,
	Author = {Zhang, Junfu and Zhao, Zhong},
	Date-Added = {2016-11-21 10:53:32 +0000},
	Date-Modified = {2016-11-21 10:53:32 +0000},
	Publisher = {IZA Discussion Paper},
	Title = {Measuring the income-distance tradeoff for rural-urban migrants in China},
	Year = {2013},
	Bdsk-File-1 = {YnBsaXN0MDDUAQIDBAUGJCVYJHZlcnNpb25YJG9iamVjdHNZJGFyY2hpdmVyVCR0b3ASAAGGoKgHCBMUFRYaIVUkbnVsbNMJCgsMDxJXTlMua2V5c1pOUy5vYmplY3RzViRjbGFzc6INDoACgAOiEBGABIAFgAdccmVsYXRpdmVQYXRoWWFsaWFzRGF0YV8QF0RvY3MvMTAuMS4xLjMwMy4yNzIucGRm0hcLGBlXTlMuZGF0YU8RAfYAAAAAAfYAAgAADE1hY2ludG9zaCBIRAAAAAAAAAAAAAAAAAAAAMpBBgxIKwAABG+CMBIxMC4xLjEuMzAzLjI3Mi5wZGYAAAAAAAAAAAAAAAAAAAAAAAAAAAAAAAAAAAAAAAAAAAAAAAAAAAAAAAAAAAAEb4T31FiPswAAAAAAAAAAAAEAAwAACSAAAAAAAAAAAAAAAAAAAAAERG9jcwAQAAgAAMpA6ewAAAARAAgAANRYgaMAAAABABwEb4IwBG+CLARvc9cAkMIpAAUCFQAFAhQAAL7sAAIAaU1hY2ludG9zaCBIRDpVc2VyczoASnVzdGU6AERvY3VtZW50czoAQ29tcGxleFN5c3RlbXM6AE1pZ3JhdGlvbkR5bmFtaWNzOgBCaWJsaW86AERvY3M6ADEwLjEuMS4zMDMuMjcyLnBkZgAADgAmABIAMQAwAC4AMQAuADEALgAzADAAMwAuADIANwAyAC4AcABkAGYADwAaAAwATQBhAGMAaQBuAHQAbwBzAGgAIABIAEQAEgBVVXNlcnMvSnVzdGUvRG9jdW1lbnRzL0NvbXBsZXhTeXN0ZW1zL01pZ3JhdGlvbkR5bmFtaWNzL0JpYmxpby9Eb2NzLzEwLjEuMS4zMDMuMjcyLnBkZgAAEwABLwAAFQACAAz//wAAgAbSGxwdHlokY2xhc3NuYW1lWCRjbGFzc2VzXU5TTXV0YWJsZURhdGGjHR8gVk5TRGF0YVhOU09iamVjdNIbHCIjXE5TRGljdGlvbmFyeaIiIF8QD05TS2V5ZWRBcmNoaXZlctEmJ1Ryb290gAEACAARABoAIwAtADIANwBAAEYATQBVAGAAZwBqAGwAbgBxAHMAdQB3AIQAjgCoAK0AtQKvArECtgLBAsoC2ALcAuMC7ALxAv4DAQMTAxYDGwAAAAAAAAIBAAAAAAAAACgAAAAAAAAAAAAAAAAAAAMd}}

@article{an2005exploring,
	Author = {An, Li and Linderman, Marc and Qi, Jiaguo and Shortridge, Ashton and Liu, Jianguo},
	Date-Added = {2016-11-21 10:44:07 +0000},
	Date-Modified = {2016-11-21 10:44:07 +0000},
	Journal = {Annals of the association of American geographers},
	Number = {1},
	Pages = {54--79},
	Publisher = {Taylor \& Francis},
	Title = {Exploring complexity in a human--environment system: an agent-based spatial model for multidisciplinary and multiscale integration},
	Volume = {95},
	Year = {2005},
	Bdsk-File-1 = {YnBsaXN0MDDUAQIDBAUGJCVYJHZlcnNpb25YJG9iamVjdHNZJGFyY2hpdmVyVCR0b3ASAAGGoKgHCBMUFRYaIVUkbnVsbNMJCgsMDxJXTlMua2V5c1pOUy5vYmplY3RzViRjbGFzc6INDoACgAOiEBGABIAFgAdccmVsYXRpdmVQYXRoWWFsaWFzRGF0YV8QD0RvY3MvYW4yMDA1LnBkZtIXCxgZV05TLmRhdGFPEQHWAAAAAAHWAAIAAAxNYWNpbnRvc2ggSEQAAAAAAAAAAAAAAAAAAADKQQYMSCsAAARvgjAKYW4yMDA1LnBkZgAAAAAAAAAAAAAAAAAAAAAAAAAAAAAAAAAAAAAAAAAAAAAAAAAAAAAAAAAAAAAAAAAAAAAABG+DV9RYi+QAAAAAAAAAAAABAAMAAAkgAAAAAAAAAAAAAAAAAAAABERvY3MAEAAIAADKQOnsAAAAEQAIAADUWH3UAAAAAQAcBG+CMARvgiwEb3PXAJDCKQAFAhUABQIUAAC+7AACAGFNYWNpbnRvc2ggSEQ6VXNlcnM6AEp1c3RlOgBEb2N1bWVudHM6AENvbXBsZXhTeXN0ZW1zOgBNaWdyYXRpb25EeW5hbWljczoAQmlibGlvOgBEb2NzOgBhbjIwMDUucGRmAAAOABYACgBhAG4AMgAwADAANQAuAHAAZABmAA8AGgAMAE0AYQBjAGkAbgB0AG8AcwBoACAASABEABIATVVzZXJzL0p1c3RlL0RvY3VtZW50cy9Db21wbGV4U3lzdGVtcy9NaWdyYXRpb25EeW5hbWljcy9CaWJsaW8vRG9jcy9hbjIwMDUucGRmAAATAAEvAAAVAAIADP//AACABtIbHB0eWiRjbGFzc25hbWVYJGNsYXNzZXNdTlNNdXRhYmxlRGF0YaMdHyBWTlNEYXRhWE5TT2JqZWN00hscIiNcTlNEaWN0aW9uYXJ5oiIgXxAPTlNLZXllZEFyY2hpdmVy0SYnVHJvb3SAAQAIABEAGgAjAC0AMgA3AEAARgBNAFUAYABnAGoAbABuAHEAcwB1AHcAhACOAKAApQCtAocCiQKOApkCogKwArQCuwLEAskC1gLZAusC7gLzAAAAAAAAAgEAAAAAAAAAKAAAAAAAAAAAAAAAAAAAAvU=}}

@article{fan2005modeling,
	Author = {Fan, C Cindy},
	Date-Added = {2016-11-21 10:30:00 +0000},
	Date-Modified = {2016-11-21 10:30:00 +0000},
	Journal = {Eurasian Geography and Economics},
	Number = {3},
	Pages = {165--184},
	Publisher = {Taylor \& Francis},
	Title = {Modeling interprovincial migration in China, 1985-2000},
	Volume = {46},
	Year = {2005},
	Bdsk-File-1 = {YnBsaXN0MDDUAQIDBAUGJCVYJHZlcnNpb25YJG9iamVjdHNZJGFyY2hpdmVyVCR0b3ASAAGGoKgHCBMUFRYaIVUkbnVsbNMJCgsMDxJXTlMua2V5c1pOUy5vYmplY3RzViRjbGFzc6INDoACgAOiEBGABIAFgAdccmVsYXRpdmVQYXRoWWFsaWFzRGF0YV8QEERvY3MvZmFuMjAwNS5wZGbSFwsYGVdOUy5kYXRhTxEB2AAAAAAB2AACAAAMTWFjaW50b3NoIEhEAAAAAAAAAAAAAAAAAAAAykEGDEgrAAAEb4IwC2ZhbjIwMDUucGRmAAAAAAAAAAAAAAAAAAAAAAAAAAAAAAAAAAAAAAAAAAAAAAAAAAAAAAAAAAAAAAAAAAAAAARvgsPUWIqhAAAAAAAAAAAAAQADAAAJIAAAAAAAAAAAAAAAAAAAAAREb2NzABAACAAAykDp7AAAABEACAAA1Fh8kQAAAAEAHARvgjAEb4IsBG9z1wCQwikABQIVAAUCFAAAvuwAAgBiTWFjaW50b3NoIEhEOlVzZXJzOgBKdXN0ZToARG9jdW1lbnRzOgBDb21wbGV4U3lzdGVtczoATWlncmF0aW9uRHluYW1pY3M6AEJpYmxpbzoARG9jczoAZmFuMjAwNS5wZGYADgAYAAsAZgBhAG4AMgAwADAANQAuAHAAZABmAA8AGgAMAE0AYQBjAGkAbgB0AG8AcwBoACAASABEABIATlVzZXJzL0p1c3RlL0RvY3VtZW50cy9Db21wbGV4U3lzdGVtcy9NaWdyYXRpb25EeW5hbWljcy9CaWJsaW8vRG9jcy9mYW4yMDA1LnBkZgATAAEvAAAVAAIADP//AACABtIbHB0eWiRjbGFzc25hbWVYJGNsYXNzZXNdTlNNdXRhYmxlRGF0YaMdHyBWTlNEYXRhWE5TT2JqZWN00hscIiNcTlNEaWN0aW9uYXJ5oiIgXxAPTlNLZXllZEFyY2hpdmVy0SYnVHJvb3SAAQAIABEAGgAjAC0AMgA3AEAARgBNAFUAYABnAGoAbABuAHEAcwB1AHcAhACOAKEApgCuAooCjAKRApwCpQKzArcCvgLHAswC2QLcAu4C8QL2AAAAAAAAAgEAAAAAAAAAKAAAAAAAAAAAAAAAAAAAAvg=}}

@article{zhao1999leaving,
	Author = {Zhao, Yaohui},
	Date-Added = {2016-11-21 10:24:30 +0000},
	Date-Modified = {2016-11-21 10:24:30 +0000},
	Journal = {The American Economic Review},
	Number = {2},
	Pages = {281--286},
	Publisher = {JSTOR},
	Title = {Leaving the countryside: rural-to-urban migration decisions in China},
	Volume = {89},
	Year = {1999},
	Bdsk-File-1 = {YnBsaXN0MDDUAQIDBAUGJCVYJHZlcnNpb25YJG9iamVjdHNZJGFyY2hpdmVyVCR0b3ASAAGGoKgHCBMUFRYaIVUkbnVsbNMJCgsMDxJXTlMua2V5c1pOUy5vYmplY3RzViRjbGFzc6INDoACgAOiEBGABIAFgAdccmVsYXRpdmVQYXRoWWFsaWFzRGF0YV8QF0RvY3MvMTAuMjMwN0AxMTcxMjEucGRm0hcLGBlXTlMuZGF0YU8RAfYAAAAAAfYAAgAADE1hY2ludG9zaCBIRAAAAAAAAAAAAAAAAAAAAMpBBgxIKwAABG+CMBIxMC4yMzA3QDExNzEyMS5wZGYAAAAAAAAAAAAAAAAAAAAAAAAAAAAAAAAAAAAAAAAAAAAAAAAAAAAAAAAAAAAEb4Kg1FiJvAAAAAAAAAAAAAEAAwAACSAAAAAAAAAAAAAAAAAAAAAERG9jcwAQAAgAAMpA6ewAAAARAAgAANRYe6wAAAABABwEb4IwBG+CLARvc9cAkMIpAAUCFQAFAhQAAL7sAAIAaU1hY2ludG9zaCBIRDpVc2VyczoASnVzdGU6AERvY3VtZW50czoAQ29tcGxleFN5c3RlbXM6AE1pZ3JhdGlvbkR5bmFtaWNzOgBCaWJsaW86AERvY3M6ADEwLjIzMDdAMTE3MTIxLnBkZgAADgAmABIAMQAwAC4AMgAzADAANwBAADEAMQA3ADEAMgAxAC4AcABkAGYADwAaAAwATQBhAGMAaQBuAHQAbwBzAGgAIABIAEQAEgBVVXNlcnMvSnVzdGUvRG9jdW1lbnRzL0NvbXBsZXhTeXN0ZW1zL01pZ3JhdGlvbkR5bmFtaWNzL0JpYmxpby9Eb2NzLzEwLjIzMDdAMTE3MTIxLnBkZgAAEwABLwAAFQACAAz//wAAgAbSGxwdHlokY2xhc3NuYW1lWCRjbGFzc2VzXU5TTXV0YWJsZURhdGGjHR8gVk5TRGF0YVhOU09iamVjdNIbHCIjXE5TRGljdGlvbmFyeaIiIF8QD05TS2V5ZWRBcmNoaXZlctEmJ1Ryb290gAEACAARABoAIwAtADIANwBAAEYATQBVAGAAZwBqAGwAbgBxAHMAdQB3AIQAjgCoAK0AtQKvArECtgLBAsoC2ALcAuMC7ALxAv4DAQMTAxYDGwAAAAAAAAIBAAAAAAAAACgAAAAAAAAAAAAAAAAAAAMd}}

@article{chan1999hukou,
	Author = {Chan, Kam Wing and Liu, Ta and Yang, Yunyan},
	Date-Added = {2016-11-21 10:21:57 +0000},
	Date-Modified = {2016-11-21 10:21:57 +0000},
	Journal = {International Journal of Population Geography},
	Number = {6},
	Pages = {425},
	Publisher = {Citeseer},
	Title = {Hukou and non-hukou migrations in China: comparisons and contrasts},
	Volume = {5},
	Year = {1999},
	Bdsk-File-1 = {YnBsaXN0MDDUAQIDBAUGJCVYJHZlcnNpb25YJG9iamVjdHNZJGFyY2hpdmVyVCR0b3ASAAGGoKgHCBMUFRYaIVUkbnVsbNMJCgsMDxJXTlMua2V5c1pOUy5vYmplY3RzViRjbGFzc6INDoACgAOiEBGABIAFgAdccmVsYXRpdmVQYXRoWWFsaWFzRGF0YV8QGERvY3MvMTAuMS4xLjQ5MC44Mjg1LnBkZtIXCxgZV05TLmRhdGFPEQH4AAAAAAH4AAIAAAxNYWNpbnRvc2ggSEQAAAAAAAAAAAAAAAAAAADKQQYMSCsAAARvgjATMTAuMS4xLjQ5MC44Mjg1LnBkZgAAAAAAAAAAAAAAAAAAAAAAAAAAAAAAAAAAAAAAAAAAAAAAAAAAAAAAAAAABG+CcdRYiRYAAAAAAAAAAAABAAMAAAkgAAAAAAAAAAAAAAAAAAAABERvY3MAEAAIAADKQOnsAAAAEQAIAADUWHsGAAAAAQAcBG+CMARvgiwEb3PXAJDCKQAFAhUABQIUAAC+7AACAGpNYWNpbnRvc2ggSEQ6VXNlcnM6AEp1c3RlOgBEb2N1bWVudHM6AENvbXBsZXhTeXN0ZW1zOgBNaWdyYXRpb25EeW5hbWljczoAQmlibGlvOgBEb2NzOgAxMC4xLjEuNDkwLjgyODUucGRmAA4AKAATADEAMAAuADEALgAxAC4ANAA5ADAALgA4ADIAOAA1AC4AcABkAGYADwAaAAwATQBhAGMAaQBuAHQAbwBzAGgAIABIAEQAEgBWVXNlcnMvSnVzdGUvRG9jdW1lbnRzL0NvbXBsZXhTeXN0ZW1zL01pZ3JhdGlvbkR5bmFtaWNzL0JpYmxpby9Eb2NzLzEwLjEuMS40OTAuODI4NS5wZGYAEwABLwAAFQACAAz//wAAgAbSGxwdHlokY2xhc3NuYW1lWCRjbGFzc2VzXU5TTXV0YWJsZURhdGGjHR8gVk5TRGF0YVhOU09iamVjdNIbHCIjXE5TRGljdGlvbmFyeaIiIF8QD05TS2V5ZWRBcmNoaXZlctEmJ1Ryb290gAEACAARABoAIwAtADIANwBAAEYATQBVAGAAZwBqAGwAbgBxAHMAdQB3AIQAjgCpAK4AtgKyArQCuQLEAs0C2wLfAuYC7wL0AwEDBAMWAxkDHgAAAAAAAAIBAAAAAAAAACgAAAAAAAAAAAAAAAAAAAMg}}

@article{hu2002trade,
	Author = {Hu, Dapeng},
	Date-Added = {2016-11-21 10:17:21 +0000},
	Date-Modified = {2016-11-21 10:17:21 +0000},
	Journal = {Regional Science and Urban Economics},
	Number = {3},
	Pages = {311--338},
	Publisher = {Elsevier},
	Title = {Trade, rural--urban migration, and regional income disparity in developing countries: a spatial general equilibrium model inspired by the case of China},
	Volume = {32},
	Year = {2002},
	Bdsk-File-1 = {YnBsaXN0MDDUAQIDBAUGJCVYJHZlcnNpb25YJG9iamVjdHNZJGFyY2hpdmVyVCR0b3ASAAGGoKgHCBMUFRYaIVUkbnVsbNMJCgsMDxJXTlMua2V5c1pOUy5vYmplY3RzViRjbGFzc6INDoACgAOiEBGABIAFgAdccmVsYXRpdmVQYXRoWWFsaWFzRGF0YV8QD0RvY3MvaHUyMDAyLnBkZtIXCxgZV05TLmRhdGFPEQHWAAAAAAHWAAIAAAxNYWNpbnRvc2ggSEQAAAAAAAAAAAAAAAAAAADKQQYMSCsAAARvgjAKaHUyMDAyLnBkZgAAAAAAAAAAAAAAAAAAAAAAAAAAAAAAAAAAAAAAAAAAAAAAAAAAAAAAAAAAAAAAAAAAAAAABG+CD9RYiHcAAAAAAAAAAAABAAMAAAkgAAAAAAAAAAAAAAAAAAAABERvY3MAEAAIAADKQOnsAAAAEQAIAADUWHpnAAAAAQAcBG+CMARvgiwEb3PXAJDCKQAFAhUABQIUAAC+7AACAGFNYWNpbnRvc2ggSEQ6VXNlcnM6AEp1c3RlOgBEb2N1bWVudHM6AENvbXBsZXhTeXN0ZW1zOgBNaWdyYXRpb25EeW5hbWljczoAQmlibGlvOgBEb2NzOgBodTIwMDIucGRmAAAOABYACgBoAHUAMgAwADAAMgAuAHAAZABmAA8AGgAMAE0AYQBjAGkAbgB0AG8AcwBoACAASABEABIATVVzZXJzL0p1c3RlL0RvY3VtZW50cy9Db21wbGV4U3lzdGVtcy9NaWdyYXRpb25EeW5hbWljcy9CaWJsaW8vRG9jcy9odTIwMDIucGRmAAATAAEvAAAVAAIADP//AACABtIbHB0eWiRjbGFzc25hbWVYJGNsYXNzZXNdTlNNdXRhYmxlRGF0YaMdHyBWTlNEYXRhWE5TT2JqZWN00hscIiNcTlNEaWN0aW9uYXJ5oiIgXxAPTlNLZXllZEFyY2hpdmVy0SYnVHJvb3SAAQAIABEAGgAjAC0AMgA3AEAARgBNAFUAYABnAGoAbABuAHEAcwB1AHcAhACOAKAApQCtAocCiQKOApkCogKwArQCuwLEAskC1gLZAusC7gLzAAAAAAAAAgEAAAAAAAAAKAAAAAAAAAAAAAAAAAAAAvU=}}
